  @misc{wiper,
    author = "{Wikipedia contributors}",
    title = "Player efficiency rating --- {Wikipedia}{,} The Free Encyclopedia",
    year = "2020",
    howpublished = "\url{https://en.wikipedia.org/w/index.php?title=Player_efficiency_rating&oldid=951282757}",
    note = "[Online; accessed 

17-April-2020
]"
  }